@article{giri2019transfer,
  title={A STUDY OF ROLE OF ARTIFICIAL
INTELLIGENCE IN STOCK MARKET ANALYSIS
AND PRICE PREDICTION},
  author={ Agrawal,Gayatri and Alex, Susan},
  journal={International Journal Of Novel Research and  Development},
  volume={9},
  number={5},
  pages={55--60},
  year={2024}
}
@article{author2024,
  author  = {Haider Khan, Zabir and   Sharmin Alin, Tasnim and   Hussain, Md. Akter},
  title   = {Price Prediction of Share Market using Artificial
Neural Network (ANN)},
  journal = {International Journal of Computer Applications},
  year    = {2011},
  volume  = {22},
  number  = {2},
  pages   = {42--26},
}

